@article{Elkady2012,
	author  = {Elkady, Ayssa and Sobh, Tarek},
	title   = {Robotics Middleware: A Comprehensive Literature Survey and Attribute-Based Bibliography},
	journal = {Journal of Robotics},
	year    = {2012},
	volume  = {2012},
	pages   = {15},
	acmid   = {959013},
	url     = {https://doi.org/10.1155/2012/959013},
	doi     = {10.1155/2012/959013},
}

@article{Gonzalez2018,
	author  = {Gonzalez, Isaías and Calderon, Antonio José},
	title   = {Development of Final Projects in Engineering Degrees around an Industry 4.0-Oriented Flexible Manufacturing System: Preliminary Outcomes and Some Initial Considerations},
	journal = {Education Sciences},
	year    = {2018},
	volume  = {8},
	pages   = {15},
	number, ={4},
	url     = {https://doi.org/10.3390/educsci8040214},
	doi     = {10.3390/educsci8040214},	
}

@article{Neto2015,
	author = {Neto, R. P. and Rocha, D. P. and Santana, A. M. and Souza, A. A.},
	title = {Robótica na Educação: Uma Revisão Sistemática dos Últimos 10 Anos},
	journal = {Simpósio Brasileito de Informática na Educação},
	year = {2015},
	number = {XXVI},
	pages = {8}
	}

@article{Campos2017,
	author = {Campos, F.},
	title = {ROBÓTICA EDUCACIONAL NO BRASIL: QUESTÕES EM ABERTO, DESAFIOS E PERSPECTIVAS FUTURAS},
	journal = {Revista Ibero-Americana de Estudos em Educação},
	year = {2017},
	number = {4},
	volume = {12},
	pages = {2108--2121},
	doi = {10.21723/riaee.v12.n4.out./dez.2017.8778},
	}

@incollection{Smith1849,
	author = {William Smith},
	title = {Dictionary of Greek and Roman Biography and Mythology},
	year = {1849},
	}


@inproceedings{BetellaEMOV2014,
	author    = {Alberto Betella and Alex Escuredo and Enrique Mart{\'{\i}}nez Bueno and Pedro Omedas and Paul F. M. J. Verschure},
	title     = {Manipulating complex network structures in virtual reality and 3D printing of the results},
	booktitle = {Proceedings of the 2014 Virtual Reality International Conference, {VRIC} 2014, Laval, France, April 9-11, 2014},
	pages     = {30:1--30:2},
	year      = {2014},
	crossref  = {DBLP:conf/vric/2014},
	url       = {http://doi.acm.org/10.1145/2617841.2620718},
	doi       = {10.1145/2617841.2620718},
	timestamp = {Thu, 23 Apr 2015 01:00:00 +0200},
	biburl    = {http://dblp.uni-trier.de/rec/bib/conf/vric/BetellaEMOV14},
	bibsource = {dblp computer science bibliography, http://dblp.org},
}

@TechReport {relatorio_cni,
	author = {CNI},
	title = {Desafios para Indústria 4.0 no Brasil},
	institution = {Confederação Nacional das Indústrias},
	address     = {Rio de Janeiro},
	year = {2016},
}

@TechReport {Tondr2004,
	author = {Tondra De and Drew Hall},
	title = {The inception of chedda: a detailed design and analysis of micromouse.},
	institution = {University of Nevada},
	addres = {Las vegas},
	year = {2004},
}

@misc{abdi,
  author =       {Fernando Rotta},
  title =        {Industria 4.0 pode economizar R\$ 73 bilhoes ao ano para o Brasil},
  url={https://www.abdi.com.br/postagem/industria-4-0-pode-economizar-r-73-bilhoes-ao-ano-para-o-brasil},
  organization = {ABDI (Agência Brasileira de Desenvolvimento Industrial)},
  urlaccessdate={15 mai. 2019},
  year = {2017}
}

@misc{Turtlebot,
	author =       {Open Source Robotics Foundation, Inc.},
	title =        {TurtleBot},
	url={https://www.turtlebot.com},
	organization = {Open Source Robotics Foundation, Inc.},
	urlaccessdate={20 mai. 2019},
	year = {2019}
}

@misc{ROSbot,
	author =       {Open Source Robotics Foundation, Inc.},
	title =        {ROSbot 2.0},
	url={https://robots.ros.org/rosbot-2.0},
	organization = {Open Source Robotics Foundation, Inc.},
	urlaccessdate={20 mai. 2019},
	year = {2019}
}

@inproceedings{industria_e_robo,
    author = {Gereald Mies and Peter Zentay},
    number = {4},
    title = {Industrial robots meet industry 4.0},
    volume = {2},
    year = {2017},
    url = {http://hadmernok.hu/174_22_mies.pdf},
    urlaccessdate = {15 mai. 2019}
}

@misc{ioton,
	author =       	{IOTON Technology},
	title =        	{TON-BOT V1.1},
	url=			{https://github.com/iotontech},
	organization = 	{IOTON Technology},
	urlaccessdate=	{17 ago. 2019},
	year = 			{2016}
}
